<?xml version="1.0" encoding="UTF-8"?><record xmlns="http://www.loc.gov/MARC21/slim" xmlns:cinclude="http://apache.org/cocoon/include/1.0" xmlns:zs="http://www.loc.gov/zing/srw/">
  <leader>00606nz  a2200145n  4500</leader>
  <controlfield tag="001">n 2008219418</controlfield>
  <controlfield tag="003">DLC</controlfield>
  <controlfield tag="005">20081016082246.0</controlfield>
  <controlfield tag="008">081015n| acannaabn          |a aaa      </controlfield>
  <datafield tag="010" ind1=" " ind2=" ">
    <subfield code="a">n 2008219418</subfield>
  </datafield>
  <datafield tag="040" ind1=" " ind2=" ">
    <subfield code="a">DLC</subfield>
    <subfield code="b">eng</subfield>
    <subfield code="c">DLC</subfield>
  </datafield>
  <datafield tag="100" ind1="1" ind2=" ">
    <subfield code="a">K̲h̲ān̲, Rānā Muḥammad Aḥmad</subfield>
  </datafield>
  <datafield tag="400" ind1="0" ind2=" ">
    <subfield code="a">Rānā Muḥammad Aḥmad K̲h̲ān̲</subfield>
  </datafield>
  <datafield tag="400" ind1="1" ind2=" ">
    <subfield code="a">K̲h̲ān̲, Muḥammad Aḥmad</subfield>
  </datafield>
  <datafield tag="670" ind1=" " ind2=" ">
    <subfield code="a">K̲h̲an̲, Rānā Muḥammad Aḥmad. Tārīk̲h̲-i Aḥmadiyyat Saṛoʻah z̤ilah Hoshiarpūr va muz̤āfāt, 2008:</subfield>
    <subfield code="b">t.p. (Rānā Muḥammad Aḥmad K̲h̲ān̲) prelim. (Muḥammad Aḥmad K̲h̲ān̲)</subfield>
  </datafield>
</record>